2158 2751
327 156 427 268 ”VJ

330 326 480 388 ribus,
514 325 762 380 accuratius
787 323 1013 380 tum'esse
1041 331 1314 394 cogitatum.
1393 326 1530 381 Alios
1553 346 1692 396 porro
1717 327 1865 387 ‘nausia'

332 413 415 448 cos
428 433 441 457 ,
495 399 700 463 ythaulas
738 397 840 463 dico
854 435 868 459 ‚
911 401 1196 458 concinuisse
1234 401 1433 458 canttbis,
1456 402 1570 448 ‘sive
1601 399 1865 464 monologss

335 464 610 518 fabularum.
644 473 818 518 Verum
837 467 1119 533 deindepost
1134 469 1342 516 Terentii
1358 465 1545 532 deinum
1565 479 1768 531 tempora
1786 464 1865 534 pe‘t

334 533 716 600 obtrectationem
742 548 789 585 et
812 537 1046 598 invidiam,
1080 552 1170 603 qua
1187 534 1246 598 ab
1267 534 1561 594 histrionibus
1597 533 1662 585 illi
1697 541 1862 588 musici

334 619 382 653 et
426 608 697 669 pantomimi
734 606 928 656 infestati
969 619 1141 666 essent,
1181 606 1376 655 artifices
1410 606 1519 664 hoS,
1555 607 1862 669 pantomimos

333 672 441 723 dico
476 672 714 724 choraulas
736 687 794 723 'et
828 672 1094 746 pythaulas,
1175 691 1201 723 a
1254 669 1495 726 comoedia
1537 671 1789 722 recessisse
1816 685 1863 722 et

334 742 502 792 dehinc
520 740 873 810 intercapedines
903 747 952 799 in
978 743 1217 794 comoedia
1233 738 1354 798 inter
1376 755 1504 808 actus
1521 743 1601 792 aut
1620 740 1750 806 plane
1768 757 1865 792 nou

303 829 305 832 ¹
335 812 506 861 servari
541 821 729 875 coeptas
768 823 889 867 esse,
924 821 1004 857 aut
1017 807 1201 866 ἓᾱυιέτμσ,
1222 809 1519 874 quaecunque
1549 809 1865 874 intercessisse,

340 893 394 927 ut
417 881 527 927 hine
553 883 700 943 magis
726 880 964 943 magisque
995 879 1279 939 corruptum
1303 889 1420 925 esset
1450 874 1685 939 ingenium
1719 877 1865 942 plebis

336 950 579 997 Romanae
612 960 661 995 et
684 944 893 995 'studium
932 942 1186 1010 spectacula
1218 943 1411 994 videndi.
1482 942 1635 1009 Ipsum
1669 947 1868 1014 denique

336 1033 449 1068 voc.-
472 1017 595 1066 chori
617 1017 695 1066 hic
719 1011 813 1065 illic
836 1014 955 1079 apud
987 1018 1222 1065 Romanos
1249 1029 1457 1081 quoque,
1488 1013 1568 1064 sed
1600 1012 1708 1071 solis
1732 1015 1793 1066 de
1814 1020 1866 1070 ti·

340 1083 569 1137 bicinibus
601 1098 648 1134 et
673 1082 984 1145 saltatoribus,
1018 1083 1120 1135 dici.
1781 1126 1793 1132 t

482 1155 699 1219 Jamque,
745 1156 810 1203 uti
843 1156 1056 1217 promisi,
1104 1152 1161 1202 de
1196 1156 1377 1204 Graecis
1422 1171 1608 1222 quoque
1647 1153 1864 1206 nonnulla

342 1234 493 1292 essent
517 1222 720 1272 dicenda.
788 1225 851 1271 At
877 1237 989 1271 cum
1009 1221 1275 1283 jamdudum
1305 1220 1482 1291 libellus
1508 1226 1748 1273 excesserit
1766 1228 1867 1287 mo7'

343 1289 489 1350 dum,
519 1292 591 1341 his
617 1290 760 1346 modo
783 1293 1064 1356 paucissimis
1101 1294 1368 1340 sententiam
1398 1307 1551 1341 meam
1580 1291 1870 1357 qualemcum

342 1376 437 1428 que
472 1362 672 1424 proferre
703 1364 762 1407 sit
792 1358 979 1407 licitum.
1084 1362 1350 1408 Persuasum
1389 1362 1514 1407 enim
1555 1360 1670 1406 mihi
1701 1358 1864 1421 habe0,

343 1427 463 1493 apud
493 1429 581 1480 hos
611 1442 823 1487 quoque.
857 1441 1098 1484 postquam
1130 1429 1248 1484 chon·
1284 1442 1391 1478 usus
1417 1439 1686 1486 cessaverat,
1719 1429 1871 1489 inem

343 1494 527 1553 moedia
541 1503 738 1540 cantum«
751 1490 953 1534 musicum
975 1489 1144 1540 (damn)
1171 1498 1218 1532 et
1236 1480 1508 1534 siltationem
1529 1493 1647 1538 inter
1666 1504 1789 1541 actus
1804 1495 1871 1559 z'nss‘

342 1562 623 1621 tercessisse3
657 1557 705 1605 id
740 1555 888 1621 quod,
923 1553 1028 1602 licet
1060 1569 1118 1602 ex
1148 1552 1263 1602 locis
1297 1553 1474 1606 idoneis
1519 1555 1712 1620 probare
1741 1556 1868 1613 nunc

345 1645 578 1687 recusem,
613 1629 715 1676 satis
746 1639 899 1674 tamen
917 1622 1129 1673 concludi
1148 1639 1281 1687 posse
1293 1623 1448 1685 judico
1465 1641 1525 1674 ex
1540 1630 1763 1678 anxietate
1778 1633 1873 1682 Ro-'

345 1713 616 1758 manorum,
678 1711 767 1761 qua
808 1695 909 1743 fere·
932 1691 993 1742 nil
1030 1694 1112 1742 nisi
1148 1696 1430 1744 Graecorum
1474 1699 1735 1747 auctoritate
1768 1700 1870 1751 freti

345 1785 455 1819 cum
478 1772 526 1816 in
551 1762 743 1820 artibus,
776 1775 876 1810 tum
899 1764 947 1810 in
973 1766 1228 1811 rescenica
1263 1765 1497 1812 instituere
1531 1764 1793 1827 audebant,'
1816 1781 1866 1818 et

347 1835 510 1886 deinde
541 1850 599 1882 ex
633 1834 740 1895 ipsis
775 1829 887 1880 locis
929 1843 975 1878 et
1006 1832 1205 1889 Donati,
1256 1832 1336 1894 qui
1368 1831 1539 1878 chorum
1573 1847 1619 1880 et
1651 1833 1866 1884 tibicinem

343 1907 592 1956 arctissime
623 1905 741 1951 inter
775 1915 824 1949 se
854 1901 1022 1964 jungit,
1068 1902 1193 1965 quasi
1230 1895 1340 1948 alter
1381 1896 1574 1950 alterum
1610 1903 1701 1963 jam
1743 1904 1868 1969 apud

344 1979 543 2026 Graecos
580 1971 828 2035 exceperit,
896 1982 941 2018 et
981 1969 1183 2019 Evanthii
1198 2005 1212 2029 ,
1264 1971 1345 2034 qui
1396 1969 1699 2027 Menandrum
1740 1975 1867 2024 choro

342 2044 606 2096 abstinuisse
628 2043 780 2100 refert,
816 2038 993 2100 sedita,
1025 2035 1075 2088 rit
1090 2043 1176 2101 ejus
1192 2041 1325 2088 locum
1340 2040 1574 2105 reliquerit.
1644 2044 1862 2093 Ceterum

342 2114 470 2165 aliter
504 2112 562 2175 de
596 2107 753 2178 eadem
785 2124 834 2159 re
862 2106 1063 2176 loquitur
1090 2111 1169 2160 Vir
1199 2106 1341 2174 longe
1377 2109 1697 2173 DoctissimuS,
1729 2115 1864 2178 Eichq

340 2183 523 2236 meda:
562 2181 619 2252 de
650 2181 969 2251 comicos‘atyn
989 2190 1072 2230 etc.
1104 2193 1151 2247 p.
1179 2193 1245 2246 72
1280 2191 1327 2231 et
1355 2192 1433 2244 73.
1924 2247 1929 2250 „

1073 2287 1075 2289 .
1272 2277 1275 2280 -
1781 2253 1862 2304 Ita.

1411 2303 1456 2328 Ο
